<?xml version="1.0" encoding="UTF-8"?><collection xmlns="http://www.loc.gov/MARC21/slim"><record><leader>00612nam--2200205-i-4500</leader><controlfield tag="001">000037515</controlfield><controlfield tag="002">20161230</controlfield><controlfield tag="005">20170103165915</controlfield><controlfield tag="008">060222s1000------------r-----000-0-eng-d</controlfield><datafield ind1=" " ind2=" " tag="020"><subfield code="a">3540962867</subfield></datafield><datafield ind1=" " ind2=" " tag="041"><subfield code="a">IFIN-HH</subfield></datafield><datafield ind1=" " ind2=" " tag="080"><subfield code="a">537.633.2</subfield></datafield><datafield ind1="1" ind2=" " tag="100"><subfield code="a">Prange, Richard E</subfield></datafield><datafield ind1="1" ind2="0" tag="245"><subfield code="a">The quantum hall effect</subfield><subfield code="b">Foreword by Klaus von Klitzing</subfield><subfield code="c">Richard E. Parge; Steven M. Girvin (eds.)</subfield></datafield><datafield ind1=" " ind2=" " tag="260"><subfield code="a">New York</subfield><subfield code="b">Springer-Verlag</subfield><subfield code="c">1987</subfield></datafield><datafield ind1=" " ind2=" " tag="300"><subfield code="a">XVI + 419 p</subfield></datafield><datafield ind1=" " ind2=" " tag="490"><subfield code="a">Graduate Texts In Contempoprary Physics</subfield></datafield><datafield ind1="1" ind2=" " tag="700"><subfield code="a">Girvin, Steven M</subfield><subfield code="e">Ed</subfield></datafield><datafield ind1=" " ind2=" " tag="852"><subfield code="a">78672</subfield><subfield code="c">530.14</subfield></datafield><datafield ind1=" " ind2=" " tag="CAT"><subfield code="a">SYS</subfield><subfield code="c">20170103</subfield><subfield code="h">165915</subfield></datafield></record></collection>